@MISC{GameMaker,
    author = {YoYo Games Ltd},
    title = {Game Maker: Studio},
    URL = {http://www.yoyogames.com/gamemaker},
    urldate = "2016-06-17"
},
@MISC{SFML,
    author = {Laurent Gomila},
    title = {Simple and Fast Multimedia Library},
    URL = {http://www.sfml-dev.org/},
    urldate = "2016-06-17"
},
@MISC{gameloop,
    author = {Bob Nystrom},
    title = {Game Programming Patterns – Game Loop},
    URL = {http://gameprogrammingpatterns.com/game-loop.html},
    urldate = "2016-06-17"
},
@MISC{unity3d,
    author = {Unity Technologies},
    title = {Unity – Game Engine},
    URL = {https://unity3d.com/},
    urldate = "2016-06-17"
},
@MISC{unrealengine,
    author = {Epic Games, Inc},
    title = {Unreal Engine Technology},
    URL = {https://www.unrealengine.com/blog},
    urldate = "2016-06-17"
},
@MISC{uecomponents,
    author = {Epic Games, Inc},
    title = {Unreal Engine Components},
    URL = {https://docs.unrealengine.com/latest/INT/Engine/Blueprints/UserGuide/Components/index.html},
    urldate = "2016-06-17"
},
,
@MISC{unitycomponents,
    author = {Unity Technologies},
    title = {Unity Components},
    URL = {http://docs.unity3d.com/Manual/Components.html},
    urldate = "2016-06-17"
},
@MISC{unitymainloop,
    author = {Unity Technologies},
    title = {Unity's main loop},
    URL = {http://docs.unity3d.com/Manual/ExecutionOrder.html},
    urldate = "2016-06-17"
},
@MISC{gameprogrammingpatterns,
    author = {Bob Nystrom},
    title = {Game Programming Patterns},
    URL = {http://gameprogrammingpatterns.com},
    urldate = "2016-06-17"
},
@MISC{agilemanifesto,
    author = {Kent Beck \textit{et al.}},
    title = {Manifesto for Agile Software Development},
    URL = {http://www.agilemanifesto.org/iso/en/manifesto.html},
    urldate = "2016-06-17"
},
@MISC{trello,
    author = {Trello, Inc},
    title = {Trello website},
    URL = {https://trello.com/home},
    urldate = "2016-06-17"
},
@MISC{featurebranching,
    author = {Atlassian},
    title = {Feature Branch Workflow},
    URL = {https://www.atlassian.com/git/tutorials/comparing-workflows/feature-branch-workflow},
    urldate = "2016-06-17"
},
@MISC{CO2,
    author = {Ministerio de industria, energía, y turismo. Gobierno de España},
    title = {Factores de emisión de CO2 y coeficientes de paso a energía primaria v 03/02/2014, page 13},
    URL = {http://www.minetur.gob.es/energia/desarrollo/EficienciaEnergetica/RITE/propuestas/Documents/2014_03_03_Factores_de_emision_CO2_y_Factores_de_paso_Efinal_Eprimaria_V.pdf},
    urldate = "2016-06-17"
}
